<record><leader>00000cas a22000007a 4500</leader><controlfield tag="001">36550463</controlfield><controlfield tag="008">970314d18881888ncudr ne      0    0eng d</controlfield><datafield ind1=" " ind2=" " tag="010"><subfield code="a">sn 97064510 </subfield></datafield><datafield ind1=" " ind2=" " tag="040"><subfield code="a">NVJ</subfield><subfield code="b">eng</subfield><subfield code="c">NVJ</subfield><subfield code="d">OCLCQ</subfield></datafield><datafield ind1=" " ind2=" " tag="042"><subfield code="a">msc</subfield></datafield><datafield ind1="0" ind2="4" tag="245"><subfield code="a">The Charlotte news (Charlotte, N.C.).</subfield></datafield><datafield ind1=" " ind2=" " tag="260"><subfield code="a">[Charlotte, N.C.] :</subfield><subfield code="b">Wade H. Harris</subfield></datafield><datafield ind1=" " ind2=" " tag="300"><subfield code="a">v.</subfield></datafield><datafield ind1=" " ind2=" " tag="310"><subfield code="a">Daily (except Sunday)</subfield></datafield><datafield ind1="1" ind2=" " tag="362"><subfield code="a">Began with Dec. 8, 1888 issue.</subfield></datafield><datafield ind1="0" ind2=" " tag="362"><subfield code="a">-v. 1, no. 3 (Dec. 11, 1888).</subfield></datafield><datafield ind1=" " ind2=" " tag="588"><subfield code="a">Description based on: Vol. 1, no. 3 (Dec. 11, 1888).</subfield></datafield><datafield ind1=" " ind2=" " tag="752"><subfield code="a">United States</subfield><subfield code="b">North Carolina</subfield><subfield code="c">Mecklenburg</subfield><subfield code="d">Charlotte.</subfield></datafield><datafield ind1="0" ind2="0" tag="785"><subfield code="t">Daily news (Charlotte, N.C.)</subfield><subfield code="w">(DLC)sn 93065756</subfield></datafield></record>